@article{bernier2017handling,
  title={Handling of thermal paper: Implications for dermal exposure to bisphenol A and its alternatives},
  author={Bernier, Meghan R and Vandenberg, Laura N},
  journal={PloS one},
  volume={12},
  number={6},
  pages={e0178449},
  year={2017},
  publisher={Public Library of Science}
}

@article{canesi2015environmental,
  title={Environmental effects of BPA: focus on aquatic species},
  author={Canesi, Laura and Fabbri, Elena},
  journal={Dose-Response},
  volume={13},
  number={3},
  pages={1559325815598304},
  year={2015},
  publisher={SAGE Publications Sage CA: Los Angeles, CA}
}

@article{chung2011effects,
  title={Effects of bisphenol A and triclocarban on brain-specific expression of aromatase in early zebrafish embryos},
  author={Chung, Eunah and Genco, Maria C and Megrelis, Laura and Ruderman, Joan V},
  journal={Proceedings of the National Academy of Sciences},
  volume={108},
  number={43},
  pages={17732--17737},
  year={2011},
  publisher={National Acad Sciences}
}

@article{lombo2015transgenerational,
  title={Transgenerational inheritance of heart disorders caused by paternal bisphenol A exposure},
  author={Lombo, Marta and Fernandez-Diez, Cristina and Gonzalez-Rojo, Silvia and Navarro, Claudia and Robles, Vanesa and Herraez, Maria Paz},
  journal={Environmental pollution},
  volume={206},
  pages={667--678},
  year={2015},
  publisher={Elsevier}
}

@article{mirmira2014bisphenol,
  title={Bisphenol A, obesity, and type 2 diabetes mellitus: genuine concern or unnecessary preoccupation?},
  author={Mirmira, Priyadarshini and Evans-Molina, Carmella},
  journal={Translational research},
  volume={164},
  number={1},
  pages={13--21},
  year={2014},
  publisher={Elsevier}
}

@incollection{miyagawa2016bisphenol,
  title={Bisphenol A},
  author={Miyagawa, Shinichi and Sato, Tomomi and Iguchi, Taisen},
  booktitle={Handbook of Hormones},
  pages={577--578},
  year={2016},
  publisher={Elsevier}
}

@article{wolstenholme2011role,
  title={The role of Bisphenol A in shaping the brain, epigenome and behavior},
  author={Wolstenholme, Jennifer T and Rissman, Emilie F and Connelly, Jessica J},
  journal={Hormones and behavior},
  volume={59},
  number={3},
  pages={296--305},
  year={2011},
  publisher={Elsevier}
}

@article{yuan2019bisphenol,
  title={Bisphenol A-induced apoptosis, oxidative stress and DNA damage in cultured rhesus monkey embryo renal epithelial Marc-145 cells},
  author={Yuan, Jianqin and Kong, Yanbiao and Ommati, Mohammad Mehdi and Tang, Zhongwei and Li, Hong and Li, Li and Zhao, Chengping and Shi, Zongyong and Wang, Jundong},
  journal={Chemosphere},
  year={2019},
  publisher={Elsevier}
}
